@inproceedings{langley00,
 author    = {P. Langley},
 title     = {Crafting Papers on Machine Learning},
 year      = {2000},
 pages     = {1207--1216},
 editor    = {Pat Langley},
 booktitle     = {Proceedings of the 17th International Conference
              on Machine Learning (ICML 2000)},
 address   = {Stanford, CA},
 publisher = {Morgan Kaufmann},
 url={http://papers.nips.cc/paper/4824-imagenet-classification-with-deep-convolutional-neural-networks.pdf}
}

@TechReport{mitchell80,
  author = 	 "T. M. Mitchell",
  title = 	 "The Need for Biases in Learning Generalizations",
  institution =  "Computer Science Department, Rutgers University",
  year = 	 "1980",
  address =	 "New Brunswick, MA",
}

@phdthesis{kearns89,
  author = {M. J. Kearns},
  title =  {Computational Complexity of Machine Learning},
  school = {Department of Computer Science, Harvard University},
  year =   {1989}
}

@Book{MachineLearningI,
  editor = 	 "R. S. Michalski and J. G. Carbonell and T.
		  M. Mitchell",
  title = 	 "Machine Learning: An Artificial Intelligence
		  Approach, Vol. I",
  publisher = 	 "Tioga",
  year = 	 "1983",
  address =	 "Palo Alto, CA"
}

@Book{DudaHart2nd,
  author =       "R. O. Duda and P. E. Hart and D. G. Stork",
  title =        "Pattern Classification",
  publisher =    "John Wiley and Sons",
  edition =      "2nd",
  year =         "2000"
}

@misc{anonymous,
  title= {Suppressed for Anonymity},
  author= {Author, N. N.},
  year= {2011},
}

@InCollection{Newell81,
  author =       "A. Newell and P. S. Rosenbloom",
  title =        "Mechanisms of Skill Acquisition and the Law of
                  Practice", 
  booktitle =    "Cognitive Skills and Their Acquisition",
  pages =        "1--51",
  publisher =    "Lawrence Erlbaum Associates, Inc.",
  year =         "1981",
  editor =       "J. R. Anderson",
  chapter =      "1",
  address =      "Hillsdale, NJ"
}


@Article{Samuel59,
  author = 	 "A. L. Samuel",
  title = 	 "Some Studies in Machine Learning Using the Game of
		  Checkers",
  journal =	 "IBM Journal of Research and Development",
  year =	 "1959",
  volume =	 "3",
  number =	 "3",
  pages =	 "211--229"
}

@article{loshchilov2018fixing,
  title = {Fixing weight decay regularization in {Adam}},
  author = {Loshchilov, Ilya and Hutter, Frank},
  journal={arXiv preprint arXiv:1711.05101},
  year={2017},
  url = {https://arxiv.org/abs/1711.05101}
}

@article{Dalal2005HistogramsOO,
  title={Histograms of oriented gradients for human detection},
  author={Navneet Dalal and Bill Triggs},
  journal={2005 IEEE Computer Society Conference on Computer Vision and Pattern Recognition (CVPR'05)},
  year={2005},
  volume={1},
  pages={886-893 vol. 1}
}

'@article{Resnet,
  title = {Deep Residual Learning for Image Recognition},
  author = {Kaiming He, Xiangyu Zhang, Shaoqing Ren},
  journal={arXiv preprint arXiv:1512.03385},
  year={2015},
  url = {https://arxiv.org/abs/1512.03385}
}

@article{Resnetarch,
  author = {Napoletano, Paolo and Piccoli, Flavio and Schettini, Raimondo},
  year = {2018},
  month = {01},
  pages = {},
  title = {Anomaly Detection in Nanofibrous Materials by CNN-Based Self-Similarity},
  volume = {18},
  journal = {Sensors (Basel, Switzerland)},
  doi = {10.3390/s18010209}
}

@article{ImageNet,
author = {Zhang, Zizhao and Xing, Fuyong and Su, Hai and Shi, Xiaoshuang and Yang, Lin},
year = {2017},
month = {08},
pages = {},
title = {Recent Advances in the Applications of Convolutional Neural Networks to Medical Image Contour Detection}
}

@article{ResnetReview,
author = {Sik-Ho Tsang},
year = {2018},
month = {09},
pages = {},
title = {Review: ResNet â€” Winner of ILSVRC 2015 (Image Classification, Localization, Detection)}
}

'@article{IdentityMappings,
  title = {Identity Mappings in Deep Residual Networks},
  author = {Kaiming He, Xiangyu Zhang, Shaoqing Ren},
  journal={https://arxiv.org/abs/1603.05027},
  year={2016},
  url = {https://arxiv.org/abs/1603.05027}
}

@article{jumani2019facial,
  title={Facial expression recognition with histogram of oriented gradients using CNN},
  author={Jumani, Sahar Zafar and Ali, Fayyaz and Guriro, Subhash and Kandhro, Irfan Ali and Khan, Asif and Zaidi, Adnan},
  journal={Indian Journal of Science and Technology},
  volume={12},
  number={24},
  pages={1--8},
  year={2019}
}

@INPROCEEDINGS{8696059,
  author={Beh, Kai Xin and Meng Goh, Kam},
  booktitle={2019 IEEE 15th International Colloquium on Signal Processing   Its Applications (CSPA)}, 
  title={Micro-Expression Spotting Using Facial Landmarks}, 
  year={2019},
  volume={},
  number={},
  pages={192-197},
  doi={10.1109/CSPA.2019.8696059}}
  
  @article{leavline2013salt,
  title={Salt and pepper noise detection and removal in gray scale images: An experimental analysis},
  author={Leavline, E Jebamalar and Singh, D Asir Antony Gnana},
  journal={International Journal of Signal Processing, Image Processing and Pattern Recognition},
  volume={6},
  number={5},
  pages={343--352},
  year={2013},
  publisher={Citeseer}
}